@article{DBLP:journals/pvldb/CaoTAJYLGSBSCWM19,
  author    = {Lei Cao and
               Wenbo Tao and
               Sungtae An and
               Jing Jin and
               Yizhou Yan and
               Xiaoyu Liu and
               Wendong Ge and
               Adam Sah and
               Leilani Battle and
               Jimeng Sun and
               Remco Chang and
               M. Brandon Westover and
               Samuel Madden and
               Michael Stonebraker},
  title     = {Smile: {A} System to Support Machine Learning on {EEG} Data at Scale},
  journal   = {Proc. {VLDB} Endow.},
  volume    = {12},
  number    = {12},
  pages     = {2230--2241},
  year      = {2019}
 }


 @article{brown2020language,
  title={Language models are few-shot learners},
  author={Brown, Tom and Mann, Benjamin and Ryder, Nick and Subbiah, Melanie and Kaplan, Jared D and Dhariwal, Prafulla and Neelakantan, Arvind and Shyam, Pranav and Sastry, Girish and Askell, Amanda and others},
  journal={Advances in neural information processing systems},
  volume={33},
  pages={1877--1901},
  year={2020}
}
 
 
@inproceedings{gal2016dropout,
  title={Dropout as a bayesian approximation: Representing model uncertainty in deep learning},
  author={Gal, Yarin and Ghahramani, Zoubin},
  booktitle={international conference on machine learning},
  pages={1050--1059},
  year={2016}
}

@article{gal2017deep,
  title={Deep bayesian active learning with image data},
  author={Gal, Yarin and Islam, Riashat and Ghahramani, Zoubin},
  journal={arXiv preprint arXiv:1703.02910},
  year={2017}
}

@article{sener2017active,
  title={Active learning for convolutional neural networks: a core-set approach},
  author={Sener, Ozan and Savarese, Silvio},
  journal={arXiv preprint arXiv:1708.00489},
  year={2017}
}

@inproceedings{yoo2019learning,
  title={Learning loss for active learning},
  author={Yoo, Donggeun and Kweon, In So},
  booktitle={Proceedings of the IEEE Conference on Computer Vision and Pattern Recognition},
  pages={93--102},
  year={2019}
}

@article{yu2012analysis,
  title={Analysis of kernel mean matching under covariate shift},
  author={Yu, Yaoliang and Szepesv{\'a}ri, Csaba},
  journal={arXiv preprint arXiv:1206.4650},
  year={2012}
}

@article{shimodaira2000improving,
  title={Improving predictive inference under covariate shift by weighting the log-likelihood function},
  author={Shimodaira, Hidetoshi},
  journal={Journal of statistical planning and inference},
  volume={90},
  number={2},
  pages={227--244},
  year={2000},
  publisher={Elsevier}
}

@inproceedings{liu2015shift,
  title={Shift-pessimistic active learning using robust bias-aware prediction},
  author={Liu, Anqi and Reyzin, Lev and Ziebart, Brian D},
  booktitle={Twenty-Ninth AAAI Conference on Artificial Intelligence},
  year={2015}
}

@inproceedings{mao2017least,
  title={Least squares generative adversarial networks},
  author={Mao, Xudong and Li, Qing and Xie, Haoran and Lau, Raymond YK and Wang, Zhen and Paul Smolley, Stephen},
  booktitle={Proceedings of the IEEE International Conference on Computer Vision},
  pages={2794--2802},
  year={2017}
}

@inproceedings{salimans2016improved,
  title={Improved techniques for training gans},
  author={Salimans, Tim and Goodfellow, Ian and Zaremba, Wojciech and Cheung, Vicki and Radford, Alec and Chen, Xi},
  booktitle={Advances in neural information processing systems},
  pages={2234--2242},
  year={2016}
}

@inproceedings{dai2017good,
  title={Good semi-supervised learning that requires a bad gan},
  author={Dai, Zihang and Yang, Zhilin and Yang, Fan and Cohen, William W and Salakhutdinov, Russ R},
  booktitle={Advances in neural information processing systems},
  pages={6510--6520},
  year={2017}
}

@article{radford2015unsupervised,
  title={Unsupervised representation learning with deep convolutional generative adversarial networks},
  author={Radford, Alec and Metz, Luke and Chintala, Soumith},
  journal={arXiv preprint arXiv:1511.06434},
  year={2015}
}

@article{wang2016cost,
  title={Cost-effective active learning for deep image classification},
  author={Wang, Keze and Zhang, Dongyu and Li, Ya and Zhang, Ruimao and Lin, Liang},
  journal={IEEE Transactions on Circuits and Systems for Video Technology},
  volume={27},
  number={12},
  pages={2591--2600},
  year={2016},
  publisher={IEEE}
}

@inproceedings{sinha2019variational,
  title={Variational adversarial active learning},
  author={Sinha, Samarth and Ebrahimi, Sayna and Darrell, Trevor},
  booktitle={Proceedings of the IEEE International Conference on Computer Vision},
  pages={5972--5981},
  year={2019}
}

@article{ducoffe2018adversarial,
  title={Adversarial active learning for deep networks: a margin based approach},
  author={Ducoffe, Melanie and Precioso, Frederic},
  journal={arXiv preprint arXiv:1802.09841},
  year={2018}
}

@inproceedings{vincent2008extracting,
  title={Extracting and composing robust features with denoising autoencoders},
  author={Vincent, Pascal and Larochelle, Hugo and Bengio, Yoshua and Manzagol, Pierre-Antoine},
  booktitle={Proceedings of the 25th international conference on Machine learning},
  pages={1096--1103},
  year={2008}
}

@inproceedings{sonderby2016ladder,
  title={Ladder variational autoencoders},
  author={S{\o}nderby, Casper Kaae and Raiko, Tapani and Maal{\o}e, Lars and S{\o}nderby, S{\o}ren Kaae and Winther, Ole},
  booktitle={Advances in neural information processing systems},
  pages={3738--3746},
  year={2016}
}

@inproceedings{kingma2014semi,
  title={Semi-supervised learning with deep generative models},
  author={Kingma, Durk P and Mohamed, Shakir and Rezende, Danilo Jimenez and Welling, Max},
  booktitle={Advances in neural information processing systems},
  pages={3581--3589},
  year={2014}
}

@article{sohn2020fixmatch,
  title={Fixmatch: Simplifying semi-supervised learning with consistency and confidence},
  author={Sohn, Kihyuk and Berthelot, David and Li, Chun-Liang and Zhang, Zizhao and Carlini, Nicholas and Cubuk, Ekin D and Kurakin, Alex and Zhang, Han and Raffel, Colin},
  journal={arXiv preprint arXiv:2001.07685},
  year={2020}
}

@article{higgins2016beta,
  title={beta-vae: Learning basic visual concepts with a constrained variational framework},
  author={Higgins, Irina and Matthey, Loic and Pal, Arka and Burgess, Christopher and Glorot, Xavier and Botvinick, Matthew and Mohamed, Shakir and Lerchner, Alexander},
  year={2016}
}

@article{laine2016temporal,
  title={Temporal ensembling for semi-supervised learning},
  author={Laine, Samuli and Aila, Timo},
  journal={arXiv preprint arXiv:1610.02242},
  year={2016}
}

@article{miyato2018virtual,
  title={Virtual adversarial training: a regularization method for supervised and semi-supervised learning},
  author={Miyato, Takeru and Maeda, Shin-ichi and Koyama, Masanori and Ishii, Shin},
  journal={IEEE transactions on pattern analysis and machine intelligence},
  volume={41},
  number={8},
  pages={1979--1993},
  year={2018},
  publisher={IEEE}
}

@article{10.1093/imamat/24.1.59,
    author = {MARIMONT, R. B. and SHAPIRO, M. B.},
    title = {Nearest Neighbour Searches and the Curse of Dimensionality},
    journal = {IMA Journal of Applied Mathematics},
    volume = {24},
    number = {1},
    pages = {59-70},
    year = {1979},
    month = {08}
}

@incollection{kuhshimodairan2014nonlinear,
  title={Nonlinear programming},
  author={Kuhn, Harold W and Tucker, Albert W},
  booktitle={Traces and emergence of nonlinear programming},
  pages={247--258},
  year={2014},
  publisher={Springer}
}

@incollection{karush2014minima,
  title={Minima of functions of several variables with inequalities as side conditions},
  author={Karush, William},
  booktitle={Traces and Emergence of Nonlinear Programming},
  pages={217--245},
  year={2014},
  publisher={Springer}
}

@inproceedings{ganin2015unsupervised,
  title={Unsupervised domain adaptation by backpropagation},
  author={Ganin, Yaroslav and Lempitsky, Victor},
  booktitle={International conference on machine learning},
  pages={1180--1189},
  year={2015}
}

@article{ben2010theory,
  title={A theory of learning from different domains},
  author={Ben-David, Shai and Blitzer, John and Crammer, Koby and Kulesza, Alex and Pereira, Fernando and Vaughan, Jennifer Wortman},
  journal={Machine learning},
  volume={79},
  number={1-2},
  pages={151--175},
  year={2010},
  publisher={Springer}
}

@article{dinh2016density,
  title={Density estimation using real nvp},
  author={Dinh, Laurent and Sohl-Dickstein, Jascha and Bengio, Samy},
  journal={arXiv preprint arXiv:1605.08803},
  year={2016}
}

@article{ganin2016domain,
  title={Domain-adversarial training of neural networks},
  author={Ganin, Yaroslav and Ustinova, Evgeniya and Ajakan, Hana and Germain, Pascal and Larochelle, Hugo and Laviolette, Fran{\c{c}}ois and Marchand, Mario and Lempitsky, Victor},
  journal={The Journal of Machine Learning Research},
  volume={17},
  number={1},
  pages={2096--2030},
  year={2016},
  publisher={JMLR. org}
}

@article{ren2018learning,
  title={Learning to reweight examples for robust deep learning},
  author={Ren, Mengye and Zeng, Wenyuan and Yang, Bin and Urtasun, Raquel},
  journal={arXiv preprint arXiv:1803.09050},
  year={2018}
}

@inproceedings{lee2013pseudo,
  title={Pseudo-label: The simple and efficient semi-supervised learning method for deep neural networks},
  author={Lee, Dong-Hyun},
  booktitle={Workshop on challenges in representation learning, ICML},
  volume={3},
  number={2},
  year={2013}
}

@inproceedings{sajjadi2016regularization,
  title={Regularization with stochastic transformations and perturbations for deep semi-supervised learning},
  author={Sajjadi, Mehdi and Javanmardi, Mehran and Tasdizen, Tolga},
  booktitle={Advances in neural information processing systems},
  pages={1163--1171},
  year={2016}
}

@inproceedings{shi2018transductive,
  title={Transductive semi-supervised deep learning using min-max features},
  author={Shi, Weiwei and Gong, Yihong and Ding, Chris and MaXiaoyu Tao, Zhiheng and Zheng, Nanning},
  booktitle={Proceedings of the European Conference on Computer Vision (ECCV)},
  pages={299--315},
  year={2018}
}

@article{hosseini2016ensemble,
  title={An ensemble of cluster-based classifiers for semi-supervised classification of non-stationary data streams},
  author={Hosseini, Mohammad Javad and Gholipour, Ameneh and Beigy, Hamid},
  journal={Knowledge and information systems},
  volume={46},
  number={3},
  pages={567--597},
  year={2016},
  publisher={Springer}
}

@inproceedings{zhai2019s4l,
  title={S4l: Self-supervised semi-supervised learning},
  author={Zhai, Xiaohua and Oliver, Avital and Kolesnikov, Alexander and Beyer, Lucas},
  booktitle={Proceedings of the IEEE international conference on computer vision},
  pages={1476--1485},
  year={2019}
}

@inproceedings{berthelot2019mixmatch,
  title={Mixmatch: A holistic approach to semi-supervised learning},
  author={Berthelot, David and Carlini, Nicholas and Goodfellow, Ian and Papernot, Nicolas and Oliver, Avital and Raffel, Colin A},
  booktitle={Advances in Neural Information Processing Systems},
  pages={5049--5059},
  year={2019}
}

@article{chen2020simple,
  title={A simple framework for contrastive learning of visual representations},
  author={Chen, Ting and Kornblith, Simon and Norouzi, Mohammad and Hinton, Geoffrey},
  journal={arXiv preprint arXiv:2002.05709},
  year={2020}
}

@inproceedings{chen2019self,
  title={Self-supervised gans via auxiliary rotation loss},
  author={Chen, Ting and Zhai, Xiaohua and Ritter, Marvin and Lucic, Mario and Houlsby, Neil},
  booktitle={Proceedings of the IEEE Conference on Computer Vision and Pattern Recognition},
  pages={12154--12163},
  year={2019}
}

@article{gidaris2018unsupervised,
  title={Unsupervised representation learning by predicting image rotations},
  author={Gidaris, Spyros and Singh, Praveer and Komodakis, Nikos},
  journal={arXiv preprint arXiv:1803.07728},
  year={2018}
}

@inproceedings{noroozi2016unsupervised,
  title={Unsupervised learning of visual representations by solving jigsaw puzzles},
  author={Noroozi, Mehdi and Favaro, Paolo},
  booktitle={European Conference on Computer Vision},
  pages={69--84},
  year={2016},
  organization={Springer}
}

@inproceedings{zhang2016colorful,
  title={Colorful image colorization},
  author={Zhang, Richard and Isola, Phillip and Efros, Alexei A},
  booktitle={European conference on computer vision},
  pages={649--666},
  year={2016},
  organization={Springer}
}

@inproceedings{varma2018snuba,
  title={Snuba: Automating weak supervision to label training data},
  author={Varma, Paroma and R{\'e}, Christopher},
  booktitle={Proceedings of the VLDB Endowment. International Conference on Very Large Data Bases},
  volume={12},
  number={3},
  pages={223},
  year={2018},
  organization={NIH Public Access}
}

@inproceedings{ratner2017snorkel,
  title={Snorkel: Rapid training data creation with weak supervision},
  author={Ratner, Alexander and Bach, Stephen H and Ehrenberg, Henry and Fries, Jason and Wu, Sen and R{\'e}, Christopher},
  booktitle={Proceedings of the VLDB Endowment. International Conference on Very Large Data Bases},
  volume={11},
  number={3},
  pages={269},
  year={2017},
  organization={NIH Public Access}
}

@inproceedings{ratner2016data,
  title={Data programming: Creating large training sets, quickly},
  author={Ratner, Alexander J and De Sa, Christopher M and Wu, Sen and Selsam, Daniel and R{\'e}, Christopher},
  booktitle={Advances in neural information processing systems},
  pages={3567--3575},
  year={2016}
}

@inproceedings{das2020goggles,
  title={GOGGLES: Automatic Image Labeling with Affinity Coding},
  author={Das, Nilaksh and Chaba, Sanya and Wu, Renzhi and Gandhi, Sakshi and Chau, Duen Horng and Chu, Xu},
  booktitle={Proceedings of the 2020 ACM SIGMOD International Conference on Management of Data},
  pages={1717--1732},
  year={2020}
}

@article{lecun2015deep,
  title={Deep learning},
  author={LeCun, Yann and Bengio, Yoshua and Hinton, Geoffrey},
  journal={nature},
  volume={521},
  number={7553},
  pages={436--444},
  year={2015},
  publisher={Nature Publishing Group}
}

@article{10.1162/153244302760185243, 
author = {Tong, Simon and Koller, Daphne}, 
title = {Support Vector Machine Active Learning with Applications to Text Classification}, 
year = {2002}, 
issue_date = {3/1/2002}, 
publisher = {JMLR.org}, 
volume = {2}, 
journal = {J. Mach. Learn. Res.}, 
month = mar, 
pages = {45–66}, 
numpages = {22} 
}

@article{netzer2011reading,
  title={Reading digits in natural images with unsupervised feature learning},
  author={Netzer, Yuval and Wang, Tao and Coates, Adam and Bissacco, Alessandro and Wu, Bo and Ng, Andrew Y},
  year={2011}
}

@article{krizhevsky2009learning,
  title={Learning multiple layers of features from tiny images},
  author={Krizhevsky, Alex and Hinton, Geoffrey and others},
  year={2009},
  publisher={Citeseer}
}

@inproceedings{anguita2013public,
  title={A public domain dataset for human activity recognition using smartphones.},
  author={Anguita, Davide and Ghio, Alessandro and Oneto, Luca and Parra, Xavier and Reyes-Ortiz, Jorge Luis},
  booktitle={Esann},
  volume={3},
  pages={3},
  year={2013}
}

@article{warden2017speech,
  title={Speech commands: A public dataset for single-word speech recognition},
  author={Warden, Pete},
  year={2017}
}


@inproceedings{he2016deep,
  title={Deep residual learning for image recognition},
  author={He, Kaiming and Zhang, Xiangyu and Ren, Shaoqing and Sun, Jian},
  booktitle={Proceedings of the IEEE conference on computer vision and pattern recognition},
  pages={770--778},
  year={2016}
}



@article{tay2020efficient,
  title={Efficient transformers: A survey},
  author={Tay, Yi and Dehghani, Mostafa and Bahri, Dara and Metzler, Donald},
  journal={ACM Computing Surveys (CSUR)},
  year={2020},
  publisher={ACM New York, NY}
}






@inproceedings{he2016identity,
  title={Identity mappings in deep residual networks},
  author={He, Kaiming and Zhang, Xiangyu and Ren, Shaoqing and Sun, Jian},
  booktitle={European conference on computer vision},
  pages={630--645},
  year={2016},
  organization={Springer}
}

@book{10.5555/3086952, 
author = {Goodfellow, Ian and Bengio, Yoshua and Courville, Aaron}, 
title = {Deep Learning}, 
year = {2016}, 
isbn = {0262035618}, 
publisher = {The MIT Press}
}

@inproceedings{imagenet_cvpr09,
        AUTHOR = {Deng, J. and Dong, W. and Socher, R. and Li, L.-J. and Li, K. and Fei-Fei, L.},
        TITLE = {{ImageNet: A Large-Scale Hierarchical Image Database}},
        BOOKTITLE = {CVPR09},
        YEAR = {2009}
}

%https://drive.google.com/file/d/1cX8l-CyPyoqW4DGrIAgvfaTvRfV4Twx5/view?usp=sharing

@misc{extended,
  title = {\system: Labeling Complex Data at Scale (Extended Version)},
  howpublished = {\url{https://drive.google.com/file/d/1cX8l-CyPyoqW4DGrIAgvfaTvRfV4Twx5/view?usp=sharing}},
  year = {2020}
}

@misc{code,
  title = {\system: Code and Model},
  howpublished = {\url{https://drive.google.com/file/d/1c65Gen-TOiiOYWtrMuBSeR4KXuArtLX1/view?usp=sharing}},
  year = {2021}
}




@article{choromanski2020rethinking,
  title={Rethinking attention with performers},
  author={Choromanski, Krzysztof and Likhosherstov, Valerii and Dohan, David and Song, Xingyou and Gane, Andreea and Sarlos, Tamas and Hawkins, Peter and Davis, Jared and Mohiuddin, Afroz and Kaiser, Lukasz and others},
  journal={arXiv preprint arXiv:2009.14794},
  year={2020}
}






@article{wu2016google,
  title={Google's neural machine translation system: Bridging the gap between human and machine translation},
  author={Wu, Yonghui and Schuster, Mike and Chen, Zhifeng and Le, Quoc V and Norouzi, Mohammad and Macherey, Wolfgang and Krikun, Maxim and Cao, Yuan and Gao, Qin and Macherey, Klaus and others},
  journal={arXiv preprint arXiv:1609.08144},
  year={2016}
}







@article{zhang2016understanding,
  title={Understanding deep learning requires rethinking generalization},
  author={Zhang, Chiyuan and Bengio, Samy and Hardt, Moritz and Recht, Benjamin and Vinyals, Oriol},
  journal={arXiv preprint arXiv:1611.03530},
  year={2016}
}

@book{lemons2002introduction,
  title={An introduction to stochastic processes in physics},
  author={Lemons, Don S and Langevin, Paul},
  year={2002},
  publisher={JHU Press}
}

@inproceedings{sung2018learning,
  title={Learning to compare: Relation network for few-shot learning},
  author={Sung, Flood and Yang, Yongxin and Zhang, Li and Xiang, Tao and Torr, Philip HS and Hospedales, Timothy M},
  booktitle={Proceedings of the IEEE Conference on Computer Vision and Pattern Recognition},
  pages={1199--1208},
  year={2018}
}

@inproceedings{hui2019self,
  title={Self-attention relation network for few-shot learning},
  author={Hui, Binyuan and Zhu, Pengfei and Hu, Qinghua and Wang, Qilong},
  booktitle={2019 IEEE International Conference on Multimedia \& Expo Workshops (ICMEW)},
  pages={198--203},
  year={2019},
  organization={IEEE}
}

@inproceedings{snell2017prototypical,
  title={Prototypical networks for few-shot learning},
  author={Snell, Jake and Swersky, Kevin and Zemel, Richard},
  booktitle={Advances in neural information processing systems},
  pages={4077--4087},
  year={2017}
}

@article{kermany2018identifying,
  title={Identifying medical diagnoses and treatable diseases by image-based deep learning},
  author={Kermany, Daniel S and Goldbaum, Michael and Cai, Wenjia and Valentim, Carolina CS and Liang, Huiying and Baxter, Sally L and McKeown, Alex and Yang, Ge and Wu, Xiaokang and Yan, Fangbing and others},
  journal={Cell},
  volume={172},
  number={5},
  pages={1122--1131},
  year={2018},
  publisher={Elsevier}
}

@inproceedings{DBLP:conf/kdd/ZerveasJPBE21,
  author    = {George Zerveas and
               Srideepika Jayaraman and
               Dhaval Patel and
               Anuradha Bhamidipaty and
               Carsten Eickhoff},
  title     = {A Transformer-based Framework for Multivariate Time Series Representation Learning},
  booktitle = {{KDD} '21: The 27th {ACM} {SIGKDD} Conference on Knowledge Discovery
               and Data Mining, Virtual Event, Singapore, August 14-18, 2021},
  pages     = {2114--2124},
  year      = {2021}
}
@article{Chohan2021CounterHegemonicFT,
  title={Counter-Hegemonic Finance: The Gamestop Short Squeeze},
  author={Usman W. Chohan},
  journal={Financial Crises eJournal},
  year={2021}
}

@inproceedings{DBLP:conf/naacl/DevlinCLT19,
  author    = {Jacob Devlin and
               Ming{-}Wei Chang and
               Kenton Lee and
               Kristina Toutanova},
  title     = {{BERT:} Pre-training of Deep Bidirectional Transformers for Language
               Understanding},
  booktitle = {Proceedings of the 2019 Conference of the North American Chapter of
               the Association for Computational Linguistics: Human Language Technologies,
               {NAACL-HLT} 2019, Minneapolis, MN, USA, June 2-7, 2019, Volume 1 (Long
               and Short Papers)},
  pages     = {4171--4186},
  year      = {2019}
 }

@inproceedings{DBLP:conf/aaai/ZhouZPZLXZ21,
  author    = {Haoyi Zhou and
               Shanghang Zhang and
               Jieqi Peng and
               Shuai Zhang and
               Jianxin Li and
               Hui Xiong and
               Wancai Zhang},
  title     = {Informer: Beyond Efficient Transformer for Long Sequence Time-Series
               Forecasting},
  booktitle = {Thirty-Fifth {AAAI} Conference on Artificial Intelligence, {AAAI}
               2021, Thirty-Third Conference on Innovative Applications of Artificial
               Intelligence, {IAAI} 2021, The Eleventh Symposium on Educational Advances
               in Artificial Intelligence, {EAAI} 2021, Virtual Event, February 2-9,
               2021},
  pages     = {11106--11115},
  year      = {2021}
}

@inproceedings{DBLP:conf/kdd/WangP21,
  author    = {Qitong Wang and
               Themis Palpanas},
  title     = {Deep Learning Embeddings for Data Series Similarity Search},
  booktitle = {{KDD} '21: The 27th {ACM} {SIGKDD} Conference on Knowledge Discovery
               and Data Mining, Virtual Event, Singapore, August 14-18, 2021},
  pages     = {1708--1716},
  year      = {2021}
}

@inproceedings{10.1007/978-3-030-77964-1_17,
author="Dang, Weixia
and Zhou, Biyu
and Wei, Lingwei
and Zhang, Weigang
and Yang, Ziang
and Hu, Songlin",
editor="Paszynski, Maciej
and Kranzlm{\"u}ller, Dieter
and Krzhizhanovskaya, Valeria V.
and Dongarra, Jack J.
and Sloot, Peter M. A.",
title="TS-Bert: Time Series Anomaly Detection via Pre-training Model Bert",
booktitle="Computational Science -- ICCS 2021",
year="2021",
publisher="Springer International Publishing",
address="Cham",
pages="209--223"
}

@inproceedings{DBLP:conf/nips/VaswaniSPUJGKP17,
  author    = {Ashish Vaswani and
               Noam Shazeer and
               Niki Parmar and
               Jakob Uszkoreit and
               Llion Jones and
               Aidan N. Gomez and
               Lukasz Kaiser and
               Illia Polosukhin},
  title     = {Attention is All you Need},
  booktitle = {Advances in Neural Information Processing Systems 30: Annual Conference
               on Neural Information Processing Systems 2017, December 4-9, 2017,
               Long Beach, CA, {USA}},
  pages     = {5998--6008},
  year      = {2017}
}

@INPROCEEDINGS{arima,
  author={Ariyo, Adebiyi A. and Adewumi, Adewumi O. and Ayo, Charles K.},
  booktitle={2014 UKSim-AMSS 16th International Conference on Computer Modelling and Simulation}, 
  title={Stock Price Prediction Using the ARIMA Model}, 
  year={2014},
  volume={},
  number={},
  pages={106-112},
}

@article{Shifaz2020TSCHIEFAS,
  title={TS-CHIEF: a scalable and accurate forest algorithm for time series classification},
  author={Ahmed Shifaz and Charlotte Pelletier and François Petitjean and Geoffrey I. Webb},
  journal={Data Mining and Knowledge Discovery},
  year={2020},
  volume={34},
  pages={742-775}
}

@article{DBLP:journals/pvldb/CaoYMRG19,
  author    = {Lei Cao and
               Yizhou Yan and
               Samuel Madden and
               Elke A. Rundensteiner and
               Mathan Gopalsamy},
  title     = {Efficient Discovery of Sequence Outlier Patterns},
  journal   = {Proc. {VLDB} Endow.},
  volume    = {12},
  number    = {8},
  pages     = {920--932},
  year      = {2019}
}



@article{wang2020linformer,
  title={Linformer: Self-attention with linear complexity},
  author={Wang, Sinong and Li, Belinda Z and Khabsa, Madian and Fang, Han and Ma, Hao},
  journal={arXiv preprint arXiv:2006.04768},
  year={2020}
}






@article{10.1145/3182382, 
    author = {Lines, Jason and Taylor, Sarah and Bagnall, Anthony}, 
    title = {Time Series Classification with HIVE-COTE: The Hierarchical Vote Collective of Transformation-Based Ensembles}, year = {2018}, 
    issue_date = {October 2018}, 
    publisher = {Association for Computing Machinery}, 
    address = {New York, NY, USA}, 
    volume = {12}, 
    number = {5}, 
    journal = {ACM Trans. Knowl. Discov. Data}, 
    month = {jul}, 
    articleno = {52}, 
    numpages = {35}
}

@article{DBLP:journals/datamine/DempsterPW20,
  author    = {Angus Dempster and
               Fran{\c{c}}ois Petitjean and
               Geoffrey I. Webb},
  title     = {{ROCKET:} exceptionally fast and accurate time series classification
               using random convolutional kernels},
  journal   = {Data Min. Knowl. Discov.},
  volume    = {34},
  number    = {5},
  pages     = {1454--1495},
  year      = {2020}
}

@article{cao2018brits,
  title={Brits: Bidirectional recurrent imputation for time series},
  author={Cao, Wei and Wang, Dong and Li, Jian and Zhou, Hao and Li, Lei and Li, Yitan},
  journal={Advances in neural information processing systems},
  volume={31},
  year={2018}
}

@article{krizhevsky2014one,
  title={One weird trick for parallelizing convolutional neural networks},
  author={Krizhevsky, Alex},
  journal={arXiv preprint arXiv:1404.5997},
  year={2014}
}


@inproceedings{pascanu2013difficulty,
  title={On the difficulty of training recurrent neural networks},
  author={Pascanu, Razvan and Mikolov, Tomas and Bengio, Yoshua},
  booktitle={International conference on machine learning},
  pages={1310--1318},
  year={2013},
  organization={PMLR}
}

@article{salinas2020deepar,
  title={DeepAR: Probabilistic forecasting with autoregressive recurrent networks},
  author={Salinas, David and Flunkert, Valentin and Gasthaus, Jan and Januschowski, Tim},
  journal={International Journal of Forecasting},
  volume={36},
  number={3},
  pages={1181--1191},
  year={2020},
  publisher={Elsevier}
}

@article{li2019enhancing,
  title={Enhancing the locality and breaking the memory bottleneck of transformer on time series forecasting},
  author={Li, Shiyang and Jin, Xiaoyong and Xuan, Yao and Zhou, Xiyou and Chen, Wenhu and Wang, Yu-Xiang and Yan, Xifeng},
  journal={Advances in Neural Information Processing Systems},
  volume={32},
  year={2019}
}




@article{rangapuram2018deep,
  title={Deep state space models for time series forecasting},
  author={Rangapuram, Syama Sundar and Seeger, Matthias W and Gasthaus, Jan and Stella, Lorenzo and Wang, Yuyang and Januschowski, Tim},
  journal={Advances in neural information processing systems},
  volume={31},
  year={2018}
}



@inproceedings{zhou2021informer,
  title={Informer: Beyond efficient transformer for long sequence time-series forecasting},
  author={Zhou, Haoyi and Zhang, Shanghang and Peng, Jieqi and Zhang, Shuai and Li, Jianxin and Xiong, Hui and Zhang, Wancai},
  booktitle={Proceedings of AAAI},
  year={2021}
}




@inproceedings{ren2022autotransformer,
  title={AutoTransformer: Automatic Transformer Architecture Design for Time Series Classification},
  author={Ren, Yankun and Li, Longfei and Yang, Xinxing and Zhou, Jun},
  booktitle={Pacific-Asia Conference on Knowledge Discovery and Data Mining},
  pages={143--155},
  year={2022},
  organization={Springer}
}

@article{xu2021anomaly,
  title={Anomaly Transformer: Time Series Anomaly Detection with Association Discrepancy},
  author={Xu, Jiehui and Wu, Haixu and Wang, Jianmin and Long, Mingsheng},
  journal={arXiv preprint arXiv:2110.02642},
  year={2021}
}


@inproceedings{su2019robust,
  title={Robust anomaly detection for multivariate time series through stochastic recurrent neural network},
  author={Su, Ya and Zhao, Youjian and Niu, Chenhao and Liu, Rong and Sun, Wei and Pei, Dan},
  booktitle={Proceedings of the 25th ACM SIGKDD international conference on knowledge discovery \& data mining},
  pages={2828--2837},
  year={2019}
}





@article{child2019generating,
  title={Generating long sequences with sparse transformers},
  author={Child, Rewon and Gray, Scott and Radford, Alec and Sutskever, Ilya},
  journal={arXiv preprint arXiv:1904.10509},
  year={2019}
}



@article{beltagy2020longformer,
  title={Longformer: The long-document transformer},
  author={Beltagy, Iz and Peters, Matthew E and Cohan, Arman},
  journal={arXiv preprint arXiv:2004.05150},
  year={2020}
}


@article{ainslie2020etc,
  title={ETC: Encoding long and structured inputs in transformers},
  author={Ainslie, Joshua and Ontanon, Santiago and Alberti, Chris and Cvicek, Vaclav and Fisher, Zachary and Pham, Philip and Ravula, Anirudh and Sanghai, Sumit and Wang, Qifan and Yang, Li},
  journal={arXiv preprint arXiv:2004.08483},
  year={2020}
}


@article{zaheer2020big,
  title={Big bird: Transformers for longer sequences},
  author={Zaheer, Manzil and Guruganesh, Guru and Dubey, Kumar Avinava and Ainslie, Joshua and Alberti, Chris and Ontanon, Santiago and Pham, Philip and Ravula, Anirudh and Wang, Qifan and Yang, Li and others},
  journal={Advances in Neural Information Processing Systems},
  volume={33},
  pages={17283--17297},
  year={2020}
}

@article{ma2019cdsa,
  title={CDSA: cross-dimensional self-attention for multivariate, geo-tagged time series imputation},
  author={Ma, Jiawei and Shou, Zheng and Zareian, Alireza and Mansour, Hassan and Vetro, Anthony and Chang, Shih-Fu},
  journal={arXiv preprint arXiv:1905.09904},
  year={2019}
}




@inproceedings{liu2021pyraformer,
  title={Pyraformer: Low-complexity pyramidal attention for long-range time series modeling and forecasting},
  author={Liu, Shizhan and Yu, Hang and Liao, Cong and Li, Jianguo and Lin, Weiyao and Liu, Alex X and Dustdar, Schahram},
  booktitle={International Conference on Learning Representations},
  year={2021}
}


@article{zhou2022fedformer,
  title={FEDformer: Frequency enhanced decomposed transformer for long-term series forecasting},
  author={Zhou, Tian and Ma, Ziqing and Wen, Qingsong and Wang, Xue and Sun, Liang and Jin, Rong},
  journal={arXiv preprint arXiv:2201.12740},
  year={2022}
}





@article{weiss2019smartphone,
  title={Smartphone and smartwatch-based biometrics using activities of daily living},
  author={Weiss, Gary M and Yoneda, Kenichi and Hayajneh, Thaier},
  journal={IEEE Access},
  volume={7},
  pages={133190--133202},
  year={2019},
  publisher={IEEE}
}



@article{liu2018open,
  title={An open access database for evaluating the algorithms of electrocardiogram rhythm and morphology abnormality detection},
  author={Liu, Feifei and Liu, Chengyu and Zhao, Lina and Zhang, Xiangyu and Wu, Xiaoling and Xu, Xiaoyan and Liu, Yulin and Ma, Caiyun and Wei, Shoushui and He, Zhiqiang and others},
  journal={Journal of Medical Imaging and Health Informatics},
  volume={8},
  number={7},
  pages={1368--1373},
  year={2018},
  publisher={American Scientific Publishers}
}

@incollection{good1992rational,
  title={Rational decisions},
  author={Good, Irving John},
  booktitle={Breakthroughs in statistics},
  pages={365--377},
  year={1992},
  publisher={Springer}
 }

@article{cox1958regression,
  title={The regression analysis of binary sequences},
  author={Cox, David R},
  journal={Journal of the Royal Statistical Society: Series B (Methodological)},
  volume={20},
  number={2},
  pages={215--232},
  year={1958},
  publisher={Wiley Online Library}
}





@article{thompson1990mse,
  title={An MSE statistic for comparing forecast accuracy across series},
  author={Thompson, Patrick A},
  journal={International Journal of Forecasting},
  volume={6},
  number={2},
  pages={219--227},
  year={1990},
  publisher={Elsevier}
}



@article{pai2005hybrid,
  title={A hybrid ARIMA and support vector machines model in stock price forecasting},
  author={Pai, Ping-Feng and Lin, Chih-Sheng},
  journal={Omega},
  volume={33},
  number={6},
  pages={497--505},
  year={2005},
  publisher={Elsevier}
}

@article{wang2012stock,
  title={Stock index forecasting based on a hybrid model},
  author={Wang, Ju-Jie and Wang, Jian-Zhou and Zhang, Zhe-George and Guo, Shu-Po},
  journal={Omega},
  volume={40},
  number={6},
  pages={758--766},
  year={2012},
  publisher={Elsevier}
}

@article{atsalakis2011elliott,
  title={Elliott Wave Theory and neuro-fuzzy systems, in stock market prediction: The WASP system},
  author={Atsalakis, George S and Dimitrakakis, Emmanouil M and Zopounidis, Constantinos D},
  journal={Expert Systems with Applications},
  volume={38},
  number={8},
  pages={9196--9206},
  year={2011},
  publisher={Elsevier}
}


@article{lloyd1982least,
  title={Least squares quantization in PCM},
  author={Lloyd, Stuart},
  journal={IEEE transactions on information theory},
  volume={28},
  number={2},
  pages={129--137},
  year={1982},
  publisher={IEEE}
}


@inproceedings{10.1145/3448016.3452779,
author = {Wen, Qingsong and He, Kai and Sun, Liang and Zhang, Yingying and Ke, Min and Xu, Huan},
title = {RobustPeriod: Robust Time-Frequency Mining for Multiple Periodicity Detection},
year = {2021},
isbn = {9781450383431},
publisher = {Association for Computing Machinery},
address = {New York, NY, USA},
url = {https://doi.org/10.1145/3448016.3452779},
doi = {10.1145/3448016.3452779},
abstract = {Periodicity detection is a crucial step in time series tasks, including monitoring and forecasting of metrics in many areas, such as IoT applications and self-driving database management system. In many of these applications, multiple periodic components exist and are often interlaced with each other. Such dynamic and complicated periodic patterns make the accurate periodicity detection difficult. In addition, other components in the time series, such as trend, outliers and noises, also pose additional challenges for accurate periodicity detection. In this paper, we propose a robust and general framework for multiple periodicity detection. Our algorithm applies maximal overlap discrete wavelet transform to transform the time series into multiple temporal-frequency scales such that different periodic components can be isolated. We rank them by wavelet variance, and then at each scale detect single periodicity by our proposed Huber-periodogram and Huber-ACF robustly. We rigorously prove the theoretical properties of Huber-periodogram and justify the use of Fisher's test on Huber-periodogram for periodicity detection. To further refine the detected periods, we compute unbiased autocorrelation function based on Wiener-Khinchin theorem from Huber-periodogram for improved robustness and efficiency. Experiments on synthetic and real-world datasets show that our algorithm outperforms other popular ones for both single and multiple periodicity detection.},
booktitle = {Proceedings of the 2021 International Conference on Management of Data},
pages = {2328–2337},
numpages = {10},
keywords = {acf, multiple periodicity, periodogram, database monitoring, periodicity detection, time series},
location = {Virtual Event, China},
series = {SIGMOD '21}
}




@article{kitaev2020reformer,
  title={Reformer: The efficient transformer},
  author={Kitaev, Nikita and Kaiser, {\L}ukasz and Levskaya, Anselm},
  journal={arXiv preprint arXiv:2001.04451},
  year={2020}
}



@article{vyas2020fast,
  title={Fast transformers with clustered attention},
  author={Vyas, Apoorv and Katharopoulos, Angelos and Fleuret, Fran{\c{c}}ois},
  journal={Advances in Neural Information Processing Systems},
  volume={33},
  pages={21665--21674},
  year={2020}
}

@inproceedings{stisen2015smart,
  title={Smart devices are different: Assessing and mitigatingmobile sensing heterogeneities for activity recognition},
  author={Stisen, Allan and Blunck, Henrik and Bhattacharya, Sourav and Prentow, Thor Siiger and Kj{\ae}rgaard, Mikkel Baun and Dey, Anind and Sonne, Tobias and Jensen, Mads M{\o}ller},
  booktitle={Proceedings of the 13th ACM conference on embedded networked sensor systems},
  pages={127--140},
  year={2015}
}

@inproceedings{sztyler2016body,
  title={On-body localization of wearable devices: An investigation of position-aware activity recognition},
  author={Sztyler, Timo and Stuckenschmidt, Heiner},
  booktitle={2016 IEEE International Conference on Pervasive Computing and Communications (PerCom)},
  pages={1--9},
  year={2016},
  organization={IEEE}
}



@article{ismail2020inceptiontime,
  title={Inceptiontime: Finding alexnet for time series classification},
  author={Ismail Fawaz, Hassan and Lucas, Benjamin and Forestier, Germain and Pelletier, Charlotte and Schmidt, Daniel F and Weber, Jonathan and Webb, Geoffrey I and Idoumghar, Lhassane and Muller, Pierre-Alain and Petitjean, Fran{\c{c}}ois},
  journal={Data Mining and Knowledge Discovery},
  volume={34},
  number={6},
  pages={1936--1962},
  year={2020},
  publisher={Springer}
}




@article{vincent2010stacked,
  title={Stacked denoising autoencoders: Learning useful representations in a deep network with a local denoising criterion.},
  author={Vincent, Pascal and Larochelle, Hugo and Lajoie, Isabelle and Bengio, Yoshua and Manzagol, Pierre-Antoine and Bottou, L{\'e}on},
  journal={Journal of machine learning research},
  volume={11},
  number={12},
  year={2010}
}











@ARTICLE{2020SciPy-NMeth,
  author  = {Virtanen, Pauli and Gommers, Ralf and Oliphant, Travis E. and
            Haberland, Matt and Reddy, Tyler and Cournapeau, David and
            Burovski, Evgeni and Peterson, Pearu and Weckesser, Warren and
            Bright, Jonathan and {van der Walt}, St{\'e}fan J. and
            Brett, Matthew and Wilson, Joshua and Millman, K. Jarrod and
            Mayorov, Nikolay and Nelson, Andrew R. J. and Jones, Eric and
            Kern, Robert and Larson, Eric and Carey, C J and
            Polat, {\.I}lhan and Feng, Yu and Moore, Eric W. and
            {VanderPlas}, Jake and Laxalde, Denis and Perktold, Josef and
            Cimrman, Robert and Henriksen, Ian and Quintero, E. A. and
            Harris, Charles R. and Archibald, Anne M. and
            Ribeiro, Ant{\^o}nio H. and Pedregosa, Fabian and
            {van Mulbregt}, Paul and {SciPy 1.0 Contributors}},
  title   = {{{SciPy} 1.0: Fundamental Algorithms for Scientific
            Computing in Python}},
  journal = {Nature Methods},
  year    = {2020},
  volume  = {17},
  pages   = {261--272},
  adsurl  = {https://rdcu.be/b08Wh},
  doi     = {10.1038/s41592-019-0686-2},
}








@incollection{karp1972reducibility,
  title={Reducibility among combinatorial problems},
  author={Karp, Richard M},
  booktitle={Complexity of computer computations},
  pages={85--103},
  year={1972},
  publisher={Springer}
}


@article{qian1999momentum,
  title={On the momentum term in gradient descent learning algorithms},
  author={Qian, Ning},
  journal={Neural networks},
  volume={12},
  number={1},
  pages={145--151},
  year={1999},
  publisher={Elsevier}
}








@article{loshchilov2017decoupled,
  title={Decoupled weight decay regularization},
  author={Loshchilov, Ilya and Hutter, Frank},
  journal={arXiv preprint arXiv:1711.05101},
  year={2017}
}





@article{cook2019anomaly,
  title={Anomaly detection for IoT time-series data: A survey},
  author={Cook, Andrew A and M{\i}s{\i}rl{\i}, G{\"o}ksel and Fan, Zhong},
  journal={IEEE Internet of Things Journal},
  volume={7},
  number={7},
  pages={6481--6494},
  year={2019},
  publisher={IEEE}
}


@article{crabtree1990individual,
  title={The individual over time: time series applications in health care research},
  author={Crabtree, Benjamin F and Ray, Subhash C and Schmidt, Priscilla M and O'Connor, Patrick T and Schmidt, David D},
  journal={Journal of clinical epidemiology},
  volume={43},
  number={3},
  pages={241--260},
  year={1990},
  publisher={Elsevier}
}




@article{kraft1977determinants,
  title={Determinants of common stock prices: A time series analysis},
  author={Kraft, John and Kraft, Arthur},
  journal={The journal of finance},
  volume={32},
  number={2},
  pages={417--425},
  year={1977},
  publisher={JSTOR}
}



@inproceedings{soro2020regular,
  title={Regular Pattern and Anomaly Detection on Corporate Transaction Time Series.},
  author={Soro, Francesca and Mellia, Marco and Russo, Nicolo},
  booktitle={EDBT/ICDT Workshops},
  year={2020}
}






@incollection{shimakawa1992trend,
  title={Trend recognition with time series database},
  author={Shimakawa, Hiromitsu and Kikkawa, Kouji},
  booktitle={Future Databases' 92},
  pages={373--382},
  year={1992},
  publisher={World Scientific}
}





@article{ismail2019deep,
  title={Deep learning for time series classification: a review},
  author={Ismail Fawaz, Hassan and Forestier, Germain and Weber, Jonathan and Idoumghar, Lhassane and Muller, Pierre-Alain},
  journal={Data mining and knowledge discovery},
  volume={33},
  number={4},
  pages={917--963},
  year={2019},
  publisher={Springer}
}


@book{chatfield2000time,
  title={Time-series forecasting},
  author={Chatfield, Chris},
  year={2000},
  publisher={Chapman and Hall/CRC}
}




@article{liao2005clustering,
  title={Clustering of time series data—a survey},
  author={Liao, T Warren},
  journal={Pattern recognition},
  volume={38},
  number={11},
  pages={1857--1874},
  year={2005},
  publisher={Elsevier}
}


@inproceedings{negi2005time,
  title={Time series: Similarity search and its applications},
  author={Negi, Tripti and Bansal, Veena},
  booktitle={Proceedings of the International Conference on Systemics, Cybernetics and Informatics: ICSCI-04, Hyderabad, India},
  pages={528--533},
  year={2005}
}


@inproceedings{teng2010anomaly,
  title={Anomaly detection on time series},
  author={Teng, Mingyan},
  booktitle={2010 IEEE International Conference on Progress in Informatics and Computing},
  volume={1},
  pages={603--608},
  year={2010},
  organization={IEEE}
}


@inproceedings{sun2019system,
  title={System-level hardware failure prediction using deep learning},
  author={Sun, Xiaoyi and Chakrabarty, Krishnendu and Huang, Ruirui and Chen, Yiquan and Zhao, Bing and Cao, Hai and Han, Yinhe and Liang, Xiaoyao and Jiang, Li},
  booktitle={2019 56th ACM/IEEE design automation conference (DAC)},
  pages={1--6},
  year={2019},
  organization={IEEE}
}



@inproceedings{bui2017time,
  title={Time series forecasting for healthcare diagnosis and prognostics with the focus on cardiovascular diseases},
  author={Bui, C and Pham, N and Vo, A and Tran, A and Nguyen, A and Le, T},
  booktitle={International conference on the development of biomedical engineering in Vietnam},
  pages={809--818},
  year={2017},
  organization={Springer}
}


@article{lara2012survey,
  title={A survey on human activity recognition using wearable sensors},
  author={Lara, Oscar D and Labrador, Miguel A},
  journal={IEEE communications surveys \& tutorials},
  volume={15},
  number={3},
  pages={1192--1209},
  year={2012},
  publisher={IEEE}
}





@article{pfaffermayr1994foreign,
  title={Foreign direct investment and exports: a time series approach},
  author={Pfaffermayr, Michael},
  journal={Applied economics},
  volume={26},
  number={4},
  pages={337--351},
  year={1994},
  publisher={Taylor \& Francis}
}





@inproceedings{yue2007review,
  title={A review of data mining-based financial fraud detection research},
  author={Yue, Dianmin and Wu, Xiaodan and Wang, Yunfeng and Li, Yue and Chu, Chao-Hsien},
  booktitle={2007 International Conference on Wireless Communications, Networking and Mobile Computing},
  pages={5519--5522},
  year={2007},
  organization={Ieee}
}



@article{brewster2017iot,
  title={IoT in agriculture: Designing a Europe-wide large-scale pilot},
  author={Brewster, Christopher and Roussaki, Ioanna and Kalatzis, Nikos and Doolin, Kevin and Ellis, Keith},
  journal={IEEE communications magazine},
  volume={55},
  number={9},
  pages={26--33},
  year={2017},
  publisher={IEEE}
}





@article{abadi2016tensorflow,
  title={Tensorflow: Large-scale machine learning on heterogeneous distributed systems},
  author={Abadi, Mart{\'\i}n and Agarwal, Ashish and Barham, Paul and Brevdo, Eugene and Chen, Zhifeng and Citro, Craig and Corrado, Greg S and Davis, Andy and Dean, Jeffrey and Devin, Matthieu and others},
  journal={arXiv preprint arXiv:1603.04467},
  year={2016}
}

@book{guest2012numerical,
  title={Numerical methods of curve fitting},
  author={Guest, Philip George and Guest, Philip George},
  year={2012},
  publisher={Cambridge University Press}
}

@misc{RITA,
  title = {RITA: Group Attention is All You Need for Timeseries Analytics},
  howpublished = {\url{https://drive.google.com/file/d/1SyRxwAIkFpVtHWLKkq_pWRu06BP61yhZ/view?usp=sharing}},
  year = {2022}
}







@article{DBLP:journals/pvldb/TuliCJ22,
  author    = {Shreshth Tuli and
               Giuliano Casale and
               Nicholas R. Jennings},
  title     = {TranAD: Deep Transformer Networks for Anomaly Detection in Multivariate
               Time Series Data},
  journal   = {Proc. {VLDB} Endow.},
  volume    = {15},
  number    = {6},
  pages     = {1201--1214},
  year      = {2022},
  url       = {https://www.vldb.org/pvldb/vol15/p1201-tuli.pdf},
  timestamp = {Wed, 29 Jun 2022 11:10:54 +0200},
  biburl    = {https://dblp.org/rec/journals/pvldb/TuliCJ22.bib},
  bibsource = {dblp computer science bibliography, https://dblp.org}
}




@article{paparrizos2019grail,
  title={Grail: efficient time-series representation learning},
  author={Paparrizos, John and Franklin, Michael J},
  journal={Proceedings of the VLDB Endowment},
  volume={12},
  number={11},
  pages={1762--1777},
  year={2019},
  publisher={VLDB Endowment}
}




@article{cortes1995support,
  title={Support-vector networks},
  author={Cortes, Corinna and Vapnik, Vladimir},
  journal={Machine learning},
  volume={20},
  number={3},
  pages={273--297},
  year={1995},
  publisher={Springer}
}


@article{fix1989discriminatory,
  title={Discriminatory analysis. Nonparametric discrimination: Consistency properties},
  author={Fix, Evelyn and Hodges, Joseph Lawson},
  journal={International Statistical Review/Revue Internationale de Statistique},
  volume={57},
  number={3},
  pages={238--247},
  year={1989},
  publisher={JSTOR}
}



@inproceedings{lin1995fast,
  title={Fast similarity search in the presence of noise, scaling, and translation in time-series databases},
  author={Lin, Rake\& Agrawal King-lp and Shim, Harpreet S Sawhney Kyuseok},
  booktitle={Proceeding of the 21th International Conference on Very Large Data Bases},
  pages={490--501},
  year={1995}
}

@article{keogh2001dimensionality,
  title={Dimensionality reduction for fast similarity search in large time series databases},
  author={Keogh, Eamonn and Chakrabarti, Kaushik and Pazzani, Michael and Mehrotra, Sharad},
  journal={Knowledge and information Systems},
  volume={3},
  number={3},
  pages={263--286},
  year={2001},
  publisher={Springer}
}

@article{johnson2019billion,
  title={Billion-scale similarity search with gpus},
  author={Johnson, Jeff and Douze, Matthijs and J{\'e}gou, Herv{\'e}},
  journal={IEEE Transactions on Big Data},
  volume={7},
  number={3},
  pages={535--547},
  year={2019},
  publisher={IEEE}
}

@article{malkov2018efficient,
  title={Efficient and robust approximate nearest neighbor search using hierarchical navigable small world graphs},
  author={Malkov, Yu A and Yashunin, Dmitry A},
  journal={IEEE transactions on pattern analysis and machine intelligence},
  volume={42},
  number={4},
  pages={824--836},
  year={2018},
  publisher={IEEE}
}




@article{jegou2010product,
  title={Product quantization for nearest neighbor search},
  author={Jegou, Herve and Douze, Matthijs and Schmid, Cordelia},
  journal={IEEE transactions on pattern analysis and machine intelligence},
  volume={33},
  number={1},
  pages={117--128},
  year={2010},
  publisher={IEEE}
}





@article{wu2021autoformer,
  title={Autoformer: Decomposition transformers with auto-correlation for long-term series forecasting},
  author={Wu, Haixu and Xu, Jiehui and Wang, Jianmin and Long, Mingsheng},
  journal={Advances in Neural Information Processing Systems},
  volume={34},
  pages={22419--22430},
  year={2021}
}

@inproceedings{NIPS2012_c399862d,
 author = {Krizhevsky, Alex and Sutskever, Ilya and Hinton, Geoffrey E},
 booktitle = {Advances in Neural Information Processing Systems},
 editor = {F. Pereira and C.J. Burges and L. Bottou and K.Q. Weinberger},
 pages = {},
 publisher = {Curran Associates, Inc.},
 title = {ImageNet Classification with Deep Convolutional Neural Networks},
 url = {https://proceedings.neurips.cc/paper/2012/file/c399862d3b9d6b76c8436e924a68c45b-Paper.pdf},
 volume = {25},
 year = {2012}
}
